%% This BibTeX bibliography file was created using BibDesk.
%% https://bibdesk.sourceforge.io/

%% Created for Oliver Probst at 2023-04-13 20:47:32 +0200 


%% Saved with string encoding Unicode (UTF-8) 



@misc{dodge2015kvmaps,
	author = {N. B. Dodge},
	date-added = {2023-04-13 20:46:15 +0200},
	date-modified = {2023-04-13 20:47:30 +0200},
	howpublished = {https://personal.utdallas.edu},
	lastchecked = {13.04.2023},
	month = {09},
	title = {Simplifying Logic Circuits with Karnaugh Maps},
	year = {2015}}

@misc{belton1998kvmaps,
	author = {David Belton},
	date-added = {2023-04-13 20:33:51 +0200},
	date-modified = {2023-04-13 20:46:11 +0200},
	howpublished = {http://www.ee.surrey.ac.uk},
	lastchecked = {13.04.2023},
	month = {04},
	title = {Karnaugh Maps},
	year = {1998}}

@misc{rp2023infschulede,
	author = {P{\"a}dagogisches Landesinstitut Rheinland-Pfalz},
	date-added = {2023-04-03 14:32:39 +0200},
	date-modified = {2023-04-03 14:32:39 +0200},
	howpublished = {https://www.inf-schule.de},
	lastchecked = {31.03.2023},
	month = {03},
	title = {Inf-Schule.de},
	year = {2023}}

@misc{bowlerhat2023logicly,
	author = {Bowler Hat LLC},
	date-added = {2023-03-31 18:12:12 +0200},
	date-modified = {2023-03-31 18:12:12 +0200},
	howpublished = {http://www.logic.ly},
	lastchecked = {22.02.2023},
	month = {02},
	title = {Logicly},
	year = {2023}}

@book{biere2008digitaltechnik,
	author = {Biere, Armin and Kroening, Daniel and Weissenbacher, Georg and Wintersteiger, Christoph M.},
	date-added = {2023-03-31 18:10:23 +0200},
	date-modified = {2023-03-31 18:11:42 +0200},
	edition = {1},
	publisher = {Springer Berlin, Heidelberg},
	title = {Digitaltechnik - Eine praxisnahe Einf{\"u}hrung},
	year = {2008}}

@misc{wiki2023BoolescheAlgebra,
	author = {Wikipedia},
	date-added = {2023-02-22 13:42:07 +0100},
	date-modified = {2023-04-03 14:35:12 +0200},
	howpublished = {https://de.wikipedia.org/wiki},
	lastchecked = {03.04.2023},
	month = {04},
	title = {Boolesche Algebra},
	year = {2023}}
